<record><leader>00000cas a22000007a 4500</leader><controlfield tag="001">18035796</controlfield><controlfield tag="008">880603c19uu9999txuwr ne      0    0eng d</controlfield><datafield ind1=" " ind2=" " tag="010"><subfield code="a">sn 88083630 </subfield></datafield><datafield ind1=" " ind2=" " tag="040"><subfield code="a">PPM</subfield><subfield code="b">eng</subfield><subfield code="c">PPM</subfield><subfield code="d">OCLCQ</subfield></datafield><datafield ind1=" " ind2=" " tag="042"><subfield code="a">msc</subfield></datafield><datafield ind1="0" ind2="0" tag="245"><subfield code="a">La Vernia news.</subfield></datafield><datafield ind1=" " ind2=" " tag="260"><subfield code="a">La Vernia, Tex. :</subfield><subfield code="b">Mr. &amp; Mrs. Joe H. Fietsom</subfield></datafield><datafield ind1=" " ind2=" " tag="310"><subfield code="a">Weekly</subfield></datafield><datafield ind1=" " ind2=" " tag="588"><subfield code="a">Description based on: Vol. 6, no. 10 (Mar. 4, 1976).</subfield></datafield><datafield ind1=" " ind2=" " tag="752"><subfield code="a">United States</subfield><subfield code="b">Texas</subfield><subfield code="c">Wilson</subfield><subfield code="d">La Vernia.</subfield></datafield></record>